@article{thekey,
    title={Full Title},
    author={Vorname1, Name1 and Vorname2, Name2 and Vorname3, Name3}, journal={Journal Name},
    volume={number},
    number={number},
    pages={page-number},
    year={2019},
    publisher={Publisher Name}
}

@article{Lander2016,
    author = {Lander, Eric S.},
    doi = {10.1016/j.cell.2015.12.041},
    issn = {10974172},
    journal = {Cell},
    number = {1-2},
    pages = {18--28},
    pmid = {26771483},
    publisher = {Elsevier Inc.},
    title = {{The Heroes of CRISPR}},
    url = {http://dx.doi.org/10.1016/j.cell.2015.12.041},
    volume = {164},
    year = {2016}
}

@MISC{HP3,
    author = {Wizard-in-training Harry Potter Attends},
    title = {In the novel Harry Potter and the Prisoner of Azkaban},
    year = {2001}
}
